<record><leader>00000cas a2200000 a 4500</leader><controlfield tag="001">27967588</controlfield><controlfield tag="008">930422d19891997iluwn ne      0    0eng c</controlfield><datafield ind1=" " ind2=" " tag="010"><subfield code="a">sn 93055462 </subfield></datafield><datafield ind1=" " ind2=" " tag="040"><subfield code="a">NVF</subfield><subfield code="b">eng</subfield><subfield code="c">NVF</subfield><subfield code="d">NVF</subfield><subfield code="d">OCLCQ</subfield><subfield code="d">OCLCF</subfield><subfield code="d">OCLCO</subfield></datafield><datafield ind1=" " ind2=" " tag="042"><subfield code="a">pcc</subfield></datafield><datafield ind1=" " ind2=" " tag="043"><subfield code="a">n-us-il</subfield></datafield><datafield ind1="0" ind2=" " tag="130"><subfield code="a">Weekly news (Mount Pulaski, Ill.)</subfield></datafield><datafield ind1="1" ind2="0" tag="245"><subfield code="a">Weekly news.</subfield></datafield><datafield ind1="1" ind2=" " tag="246"><subfield code="i">Published Aug. 19, 1989-Nov. 30, 1990 as:</subfield><subfield code="a">Weekly news &amp; post</subfield></datafield><datafield ind1="3" ind2=" " tag="246"><subfield code="a">Weekly news and post</subfield></datafield><datafield ind1="1" ind2=" " tag="246"><subfield code="i">Published Jan. 28-Apr. 1, 1993 as:</subfield><subfield code="a">Mt. Pulaski's weekly news</subfield></datafield><datafield ind1="3" ind2=" " tag="246"><subfield code="a">Mount Pulaski's weekly news</subfield></datafield><datafield ind1="1" ind2=" " tag="246"><subfield code="i">Published Apr. 8, 1993-Sept. 1, 1994 as:</subfield><subfield code="a">Weekly Mt. Pulaski news</subfield></datafield><datafield ind1="3" ind2=" " tag="246"><subfield code="a">Weekly Mount Pulaski news</subfield></datafield><datafield ind1="1" ind2="7" tag="246"><subfield code="a">Mt. Pulaski news</subfield><subfield code="f">June 24, 1993-May 30, 1996</subfield></datafield><datafield ind1="3" ind2=" " tag="246"><subfield code="a">Mount Pulaski news</subfield></datafield><datafield ind1=" " ind2=" " tag="260"><subfield code="a">Mt. Pulaski, Ill. :</subfield><subfield code="b">Michael Lakin,</subfield><subfield code="c">1989-1997.</subfield></datafield><datafield ind1=" " ind2=" " tag="300"><subfield code="a">v.</subfield></datafield><datafield ind1=" " ind2=" " tag="310"><subfield code="a">Weekly (except last week of Dec.),</subfield><subfield code="b">Jan. 28, 1993-1997</subfield></datafield><datafield ind1=" " ind2=" " tag="321"><subfield code="a">Weekly,</subfield><subfield code="b">1989-Jan. 21, 1993</subfield></datafield><datafield ind1="0" ind2=" " tag="362"><subfield code="a">Vol. 100, no. 20 (Jan. 2, 1989)-112th year, 51st issue (Aug. 21, 1997).</subfield></datafield><datafield ind1=" " ind2=" " tag="515"><subfield code="a">Continues the numbering of Mount Pulaski weekly news (Mount Pulaski, Ill. : 1988).</subfield></datafield><datafield ind1=" " ind2="0" tag="651"><subfield code="a">Mount Pulaski (Ill.)</subfield><subfield code="v">Newspapers.</subfield></datafield><datafield ind1=" " ind2="0" tag="651"><subfield code="a">Maroa (Ill.)</subfield><subfield code="v">Newspapers.</subfield></datafield><datafield ind1=" " ind2="7" tag="655"><subfield code="a">Newspapers.</subfield><subfield code="2">fast</subfield><subfield code="0">(OCoLC)fst01423814</subfield></datafield><datafield ind1=" " ind2="7" tag="651"><subfield code="a">Illinois</subfield><subfield code="z">Maroa.</subfield><subfield code="2">fast</subfield><subfield code="0">(OCoLC)fst01273992</subfield></datafield><datafield ind1=" " ind2="7" tag="651"><subfield code="a">Illinois</subfield><subfield code="z">Mount Pulaski.</subfield><subfield code="2">fast</subfield><subfield code="0">(OCoLC)fst01237184</subfield></datafield><datafield ind1=" " ind2=" " tag="752"><subfield code="a">United States</subfield><subfield code="b">Illinois</subfield><subfield code="c">Logan</subfield><subfield code="d">Mount Pulaski.</subfield></datafield><datafield ind1="0" ind2="0" tag="780"><subfield code="t">Mount Pulaski weekly news (Mount Pulaski, Ill. : 1988)</subfield><subfield code="w">(DLC)sn 93055461</subfield><subfield code="w">(OCoLC)27967482</subfield></datafield><datafield ind1="0" ind2="5" tag="780"><subfield code="t">Prairie post (Maroa, Ill.)</subfield><subfield code="w">(DLC)sn 82015327</subfield><subfield code="w">(OCoLC)8818022</subfield></datafield><datafield ind1="0" ind2="0" tag="785"><subfield code="t">Weekly Thursday news</subfield><subfield code="w">(DLC)sn 98063273</subfield><subfield code="w">(OCoLC)39931686</subfield></datafield></record>